<record><leader>00000cas a2200000 a 4500</leader><controlfield tag="001">34304310</controlfield><controlfield tag="008">960304d19021946flucr ne      0    0eng c</controlfield><datafield ind1=" " ind2=" " tag="010"><subfield code="a">sn 96027211 </subfield></datafield><datafield ind1=" " ind2=" " tag="040"><subfield code="a">FUG</subfield><subfield code="b">eng</subfield><subfield code="c">FUG</subfield><subfield code="d">OCLCQ</subfield><subfield code="d">OCLCF</subfield><subfield code="d">OCLCO</subfield></datafield><datafield ind1=" " ind2=" " tag="012"><subfield code="i">9603</subfield></datafield><datafield ind1="1" ind2=" " tag="029"><subfield code="a">AU@</subfield><subfield code="b">000012365594</subfield></datafield><datafield ind1=" " ind2=" " tag="042"><subfield code="a">pcc</subfield></datafield><datafield ind1=" " ind2=" " tag="043"><subfield code="a">n-us-fl</subfield></datafield><datafield ind1="0" ind2="0" tag="245"><subfield code="a">Polk County record.</subfield></datafield><datafield ind1=" " ind2=" " tag="260"><subfield code="a">Bartow, Fla. :</subfield><subfield code="b">J.G. Gallemore,</subfield><subfield code="c">-1946.</subfield></datafield><datafield ind1=" " ind2=" " tag="300"><subfield code="a">v.</subfield></datafield><datafield ind1=" " ind2=" " tag="310"><subfield code="a">Semiweekly,</subfield><subfield code="b">&lt;1940&gt;-1946</subfield></datafield><datafield ind1=" " ind2=" " tag="321"><subfield code="a">Weekly,</subfield><subfield code="b">&lt;1918&gt;-1919</subfield></datafield><datafield ind1=" " ind2=" " tag="321"><subfield code="a">Semiweekly,</subfield><subfield code="b">1919-&lt;1920&gt;</subfield></datafield><datafield ind1=" " ind2=" " tag="321"><subfield code="a">Daily (except Sunday),</subfield><subfield code="b">&lt;1926-1939&gt;</subfield></datafield><datafield ind1="1" ind2=" " tag="362"><subfield code="a">Began in 1902.</subfield><subfield code="z">Cf. Gregory, W. Amer. newspapers, 1937.</subfield></datafield><datafield ind1="0" ind2=" " tag="362"><subfield code="a">-54th year, no. 86 (Oct. 29, 1946).</subfield></datafield><datafield ind1=" " ind2=" " tag="588"><subfield code="a">Description based on: Vol. 17, no. 27 (Aug. 9, 1918).</subfield></datafield><datafield ind1=" " ind2="0" tag="651"><subfield code="a">Bartow (Fla.)</subfield><subfield code="v">Newspapers.</subfield></datafield><datafield ind1=" " ind2="0" tag="651"><subfield code="a">Polk County (Fla.)</subfield><subfield code="v">Newspapers.</subfield></datafield><datafield ind1=" " ind2="7" tag="655"><subfield code="a">Newspapers.</subfield><subfield code="2">fast</subfield><subfield code="0">(OCoLC)fst01423814</subfield></datafield><datafield ind1=" " ind2="7" tag="651"><subfield code="a">Florida</subfield><subfield code="z">Bartow.</subfield><subfield code="2">fast</subfield><subfield code="0">(OCoLC)fst01215618</subfield></datafield><datafield ind1=" " ind2="7" tag="651"><subfield code="a">Florida</subfield><subfield code="z">Polk County.</subfield><subfield code="2">fast</subfield><subfield code="0">(OCoLC)fst01214944</subfield></datafield><datafield ind1=" " ind2=" " tag="752"><subfield code="a">United States</subfield><subfield code="b">Florida</subfield><subfield code="c">Polk</subfield><subfield code="d">Bartow.</subfield></datafield><datafield ind1="0" ind2="5" tag="780"><subfield code="t">Courier=informant</subfield><subfield code="g">1919</subfield><subfield code="w">(DLC)sn 91069984</subfield><subfield code="w">(OCoLC)23997651</subfield></datafield><datafield ind1="0" ind2="5" tag="780"><subfield code="t">Fort Meade leader</subfield><subfield code="w">(DLC)sn 95047335</subfield><subfield code="w">(OCoLC)33828256</subfield></datafield><datafield ind1="0" ind2="4" tag="785"><subfield code="t">Polk County Democrat (Bartow, Fla.)</subfield><subfield code="w">(DLC)sn 95047484</subfield><subfield code="w">(OCoLC)33886838</subfield></datafield><datafield ind1=" " ind2=" " tag="850"><subfield code="a">FU</subfield></datafield></record>